@incollection{clarke1994mpi,
  title={The MPI message passing interface standard},
  author={Clarke, Lyndon and Glendinning, Ian and Hempel, Rolf},
  booktitle={Programming environments for massively parallel distributed systems},
  pages={213--218},
  year={1994},
  publisher={Springer}
}

@misc{aimos,
	title={Center for Computational Innovations},
	author={Center for Computational Innovations},
	url={https://cci.rpi.edu/aimos},
	journal={Artificial Intelligence Multiprocessing Optimized System (AiMOS) | Center for Computational Innovations}
}

@misc{aimosibm,
  key={AiMOS IBM Power9},
	title={AiMOS - IBM Power System AC922, IBM POWER9 20C 3.45GHz, Dual-rail Mellanox EDR Infiniband, NVIDIA Volta GV100 },
	author={top500.org},
	url={https://www.top500.org/system/179781},
	journal={TOP500 Supercomputer Sites}
}


@article{gardener1970mathematical,
  title={MATHEMATICAL GAMES: The fantastic combinations of John Conway's new solitaire game" life,"},
  author={Gardener, Martin},
  journal={Scientific American},
  volume={223},
  pages={120--123},
  year={1970}
}

@article{pjevsivac2007performance,
  title={Performance analysis of MPI collective operations},
  author={Pje{\v{s}}ivac-Grbovi{\'c}, Jelena and Angskun, Thara and Bosilca, George and Fagg, Graham E and Gabriel, Edgar and Dongarra, Jack J},
  journal={Cluster Computing},
  volume={10},
  number={2},
  pages={127--143},
  year={2007},
  publisher={Springer}
}

@article{ma2012performance,
  title={A performance Analysis of the Game of Life based on parallel algorithm},
  author={Ma, Longfei and Chen, Xue and Meng, Zhouxiang},
  journal={arXiv preprint arXiv:1209.4408},
  year={2012}
}

@inproceedings{rumpf2010conway,
  title={Conway’s Game of Life accelerated with OpenCL},
  author={Rumpf, Thomas},
  booktitle={Proceedings of the Eleventh International Conference on Membrane Computing (CMC11)},
  pages={459},
  year={2010}
}


@article{hockney1994communication,
  title={The communication challenge for MPP: Intel Paragon and Meiko CS-2},
  author={Hockney, Roger W},
  journal={Parallel computing},
  volume={20},
  number={3},
  pages={389--398},
  year={1994},
  publisher={Elsevier}
}

@inproceedings{culler1993logp,
  title={LogP: Towards a realistic model of parallel computation},
  author={Culler, David and Karp, Richard and Patterson, David and Sahay, Abhijit and Schauser, Klaus Erik and Santos, Eunice and Subramonian, Ramesh and Von Eicken, Thorsten},
  booktitle={Proceedings of the fourth ACM SIGPLAN symposium on Principles and practice of parallel programming},
  pages={1--12},
  year={1993}
}

@inproceedings{alexandrov1995loggp,
  title={LogGP: incorporating long messages into the LogP model—one step closer towards a realistic model for parallel computation},
  author={Alexandrov, Albert and Ionescu, Mihai F and Schauser, Klaus E and Scheiman, Chris},
  booktitle={Proceedings of the seventh annual ACM symposium on Parallel algorithms and architectures},
  pages={95--105},
  year={1995}
}

@inproceedings{kielmann2000fast,
  title={Fast measurement of LogP parameters for message passing platforms},
  author={Kielmann, Thilo and Bal, Henri E and Verstoep, Kees},
  booktitle={International Parallel and Distributed Processing Symposium},
  pages={1176--1183},
  year={2000},
  organization={Springer}
}

@misc{volta2017,
  title={NVIDIA Volta - The Tensor Core GPU Architecture designed to Bring AI to Every Industry},
  author={NVIDIA},
  url={https://www.nvidia.com/en-us/data-center/volta-gpu-architecture/},
  journal={Artificial Intelligence Architecture}
}

@misc{teslav100gpu,
  title={NVIDIA TESLA V100 GPU ARCHITECTURE - The world\'s most advanced data center GPU},
  author={NVIDIA},
  year={2017},
  url={https://images.nvidia.com/content/volta-architecture/pdf/volta-architecture-whitepaper.pdf},
  journal={NVIDIA Tesla V100 GPU Architecture Whitepaper}
}

@misc{DCSsupercomputer,
  title={DCS Supercomputer},
  author={Center for Computational Innovations},
  journal={CCI User Wiki},
  url={https://secure.cci.rpi.edu/wiki/index.php?title=DCS_Supercomputer#Using_GPUs}
}

@misc{IBMmpiSpectrum,
    title={IBM Spectrum MPI},
    author={NVIDIA},
    journal={NVIDIA Developer},
    url={https://developer.nvidia.com/ibm-spectrum-mpi}
}

@article{leiserson1985fat,
  title={Fat-trees: universal networks for hardware-efficient supercomputing},
  author={Leiserson, Charles E},
  journal={IEEE transactions on Computers},
  volume={100},
  number={10},
  pages={892--901},
  year={1985},
  publisher={IEEE}
}

@article{kim2009cost,
  title={Cost-efficient dragonfly topology for large-scale systems},
  author={Kim, John and Dally, William and Scott, Steve and Abts, Dennis},
  journal={IEEE micro},
  volume={29},
  number={1},
  pages={33--40},
  year={2009},
  publisher={IEEE}
}

@inproceedings{wolfe2016modeling,
  title={Modeling a million-node slim fly network using parallel discrete-event simulation},
  author={Wolfe, Noah and Carothers, Christopher D and Mubarak, Misbah and Ross, Robert and Carns, Philip},
  booktitle={Proceedings of the 2016 ACM SIGSIM Conference on Principles of Advanced Discrete Simulation},
  pages={189--199},
  year={2016}
}

@article{hoefler2007netgauge,
  title={Netgauge: A Network Performance Measurement Framework},
  author={Hoefler, Torsten and Mehlan, Torsten and Lumsdaine, Andrew and Rehm, Wolfgang},
  journal={High Performance Computing and Communications Lecture Notes in Computer Science, HPCC\'07, presented in Houston, USA},
  volume={4782},
  pages={659-671},
  year={2007},
  publisher={Springer}
}

@inproceedings{hoefler2007low,
  title={Low-overhead LogGP parameter assessment for modern interconnection networks},
  author={Hoefler, Torsten and Lichei, Andre and Rehm, Wolfgang},
  booktitle={2007 IEEE International Parallel and Distributed Processing Symposium},
  pages={1--8},
  year={2007},
  organization={IEEE}
}

